@Book{Bacon2004,
  author = {Carl Bacon},
  title = {Practical Portfolio Performance Measurement and Attribution},
  publisher = {John Wiley and Sons Ltd},
  year = {2004},
  address = {West Sussex, England}
}

@Article{tidy-data,
  author = {Hadley Wickham},
  issue = {10},
  journal = {The Journal of Statistical Software},
  selected = {TRUE},
  title = {Tidy data},
  url = {http://www.jstatsoft.org/v59/i10/},
  volume = {59},
  year = {2014},
  bdsk-url-1 = {http://www.jstatsoft.org/v59/i10/},
}

@Book{R4DS2017,
  author = {Hadley Wickham and Garrett Grolemund},
  title = {R for Data Science},
  publisher = {O'Reilly Media, Inc.},
  year = {2017},
  address = {1005 Gravenstein Highway North, Sebastopol, CA},
  url = "http://r4ds.had.co.nz/"
}

@Article{plyr,
  author = {Hadley Wickham},
  journal = {Journal of Statistical Software},
  number = {1},
  pages = {1––29},
  selected = {TRUE},
  title = {The split-apply-combine strategy for data analysis},
  url = {http://www.jstatsoft.org/v40/i01/},
  volume = {40},
  year = {2011},
  bdsk-url-1 = {http://www.jstatsoft.org/v40/i01/},
}

@Article{layered-grammar,
  author = {Hadley Wickham},
  doi = {10.1198/jcgs.2009.07098},
  journal = {Journal of Computational and Graphical Statistics},
  number = {1},
  pages = {3–28},
  selected = {TRUE},
  title = {A layered grammar of graphics},
  volume = {19},
  year = {2010},
  bdsk-url-1 = {http://dx.doi.org/10.1198/jcgs.2009.07098},
}

@Article{lubridate,
  author = {Garrett Grolemund and Hadley Wickham},
  journal = {Journal of Statistical Software},
  number = {3},
  pages = {1––25},
  title = {Dates and Times Made Easy with lubridate},
  url = {http://www.jstatsoft.org/v40/i03/},
  volume = {40},
  year = {2011},
  bdsk-url-1 = {http://www.jstatsoft.org/v40/i03/},
}



